%YAML 1.1
%TAG !u! tag:unity3d.com,2011:
--- !u!1 &2640726890335979927
GameObject:
  m_ObjectHideFlags: 0
  m_CorrespondingSourceObject: {fileID: 0}
  m_PrefabInstance: {fileID: 0}
  m_PrefabAsset: {fileID: 0}
  serializedVersion: 6
  m_Component:
  - component: {fileID: 2640726890335979926}
  - component: {fileID: 2640726890335979924}
  - component: {fileID: 2640726890335979925}
  - component: {fileID: 2640726890335979931}
  m_Layer: 5
  m_Name: Clound
  m_TagString: Untagged
  m_Icon: {fileID: 0}
  m_NavMeshLayer: 0
  m_StaticEditorFlags: 0
  m_IsActive: 1
--- !u!224 &2640726890335979926
RectTransform:
  m_ObjectHideFlags: 0
  m_CorrespondingSourceObject: {fileID: 0}
  m_PrefabInstance: {fileID: 0}
  m_PrefabAsset: {fileID: 0}
  m_GameObject: {fileID: 2640726890335979927}
  m_LocalRotation: {x: 0, y: 0, z: 0, w: 1}
  m_LocalPosition: {x: 0, y: 0, z: 0}
  m_LocalScale: {x: 1, y: 1, z: 1}
  m_Children: []
  m_Father: {fileID: 0}
  m_RootOrder: 0
  m_LocalEulerAnglesHint: {x: 0, y: 0, z: 0}
  m_AnchorMin: {x: 0.5, y: 0.5}
  m_AnchorMax: {x: 0.5, y: 0.5}
  m_AnchoredPosition: {x: -939, y: 164}
  m_SizeDelta: {x: 308, y: 126}
  m_Pivot: {x: 0.5, y: 0.5}
--- !u!222 &2640726890335979924
CanvasRenderer:
  m_ObjectHideFlags: 0
  m_CorrespondingSourceObject: {fileID: 0}
  m_PrefabInstance: {fileID: 0}
  m_PrefabAsset: {fileID: 0}
  m_GameObject: {fileID: 2640726890335979927}
  m_CullTransparentMesh: 0
--- !u!114 &2640726890335979925
MonoBehaviour:
  m_ObjectHideFlags: 0
  m_CorrespondingSourceObject: {fileID: 0}
  m_PrefabInstance: {fileID: 0}
  m_PrefabAsset: {fileID: 0}
  m_GameObject: {fileID: 2640726890335979927}
  m_Enabled: 1
  m_EditorHideFlags: 0
  m_Script: {fileID: -765806418, guid: f70555f144d8491a825f0804e09c671c, type: 3}
  m_Name: 
  m_EditorClassIdentifier: 
  m_Material: {fileID: 0}
  m_Color: {r: 0.8156863, g: 0.9137255, b: 0.90214306, a: 1}
  m_RaycastTarget: 1
  m_OnCullStateChanged:
    m_PersistentCalls:
      m_Calls: []
    m_TypeName: UnityEngine.UI.MaskableGraphic+CullStateChangedEvent, UnityEngine.UI,
      Version=1.0.0.0, Culture=neutral, PublicKeyToken=null
  m_Sprite: {fileID: 21300000, guid: 9e51011e28d37ce42a6d3fc10086b138, type: 3}
  m_Type: 0
  m_PreserveAspect: 0
  m_FillCenter: 1
  m_FillMethod: 4
  m_FillAmount: 1
  m_FillClockwise: 1
  m_FillOrigin: 0
  m_UseSpriteMesh: 0
--- !u!114 &2640726890335979931
MonoBehaviour:
  m_ObjectHideFlags: 0
  m_CorrespondingSourceObject: {fileID: 0}
  m_PrefabInstance: {fileID: 0}
  m_PrefabAsset: {fileID: 0}
  m_GameObject: {fileID: 2640726890335979927}
  m_Enabled: 1
  m_EditorHideFlags: 0
  m_Script: {fileID: 11500000, guid: 18d1cddd6f1f7d44c9fa45096056ffa3, type: 3}
  m_Name: 
  m_EditorClassIdentifier: 
  cloundImage: {fileID: 2640726890335979925}
  clound:
  - {fileID: 21300000, guid: 9e51011e28d37ce42a6d3fc10086b138, type: 3}
  - {fileID: 21300002, guid: 9e51011e28d37ce42a6d3fc10086b138, type: 3}
  - {fileID: 21300004, guid: 9e51011e28d37ce42a6d3fc10086b138, type: 3}
  - {fileID: 21300006, guid: 9e51011e28d37ce42a6d3fc10086b138, type: 3}
  - {fileID: 21300008, guid: 9e51011e28d37ce42a6d3fc10086b138, type: 3}
  - {fileID: 21300010, guid: 9e51011e28d37ce42a6d3fc10086b138, type: 3}
  - {fileID: 21300012, guid: 9e51011e28d37ce42a6d3fc10086b138, type: 3}
  rect: {fileID: 2640726890335979926}
  minX: -1200
  maxX: 1200
  minY: -400
  maxY: 400
  minSpeed: 100
  maxSpeed: 200
  speed: 0
  MoveLeft: 0
